@unpublished{url-1,
   author            = {Lausanne url-1},
   note               = {\url{https://lausanne.ch}}
}
@misc{test1,
   author      = {EPFL Web site},
   howpublished = {\url{http://www.epfl.ch}}
}

@ARTICLE{Pan,
AUTHOR={D. Pan},
TITLE={A Tutorial on MPEG/Audio Compression},
JOURNAL={IEEE Multimedia},
YEAR={1995},
VOLUME= {2} ,
PAGES={60-74},
MONTH={Summer}
}
